<?xml version="1.0" encoding="UTF-8"?><collection xmlns="http://www.loc.gov/MARC21/slim">
  <record>
    <leader>01350nam a2200337   4500</leader>
    <controlfield tag="001">u849372</controlfield>
    <controlfield tag="003">SIRSI</controlfield>
    <controlfield tag="008">750414s1849    nyuf          00011 eng d</controlfield>
    <datafield tag="035" ind1=" " ind2=" ">
      <subfield code="a">(Sirsi) l02016841</subfield>
    </datafield>
    <datafield tag="035" ind1=" " ind2=" ">
      <subfield code="a">(Notis) ADR9327</subfield>
    </datafield>
    <datafield tag="035" ind1=" " ind2=" ">
      <subfield code="a">(OCoLC)01275572</subfield>
    </datafield>
    <datafield tag="040" ind1=" " ind2=" ">
      <subfield code="a">YWM</subfield>
      <subfield code="c">YWM</subfield>
      <subfield code="d">VA@</subfield>
    </datafield>
    <datafield tag="049" ind1=" " ind2=" ">
      <subfield code="a">VA@*</subfield>
    </datafield>
    <datafield tag="050" ind1="0" ind2=" ">
      <subfield code="a">E99.D1</subfield>
      <subfield code="b">E19</subfield>
    </datafield>
    <datafield tag="100" ind1="1" ind2=" ">
      <subfield code="a">Eastman, Mary H.</subfield>
      <subfield code="q">(Mary Henderson),</subfield>
      <subfield code="d">1818-1887.</subfield>
    </datafield>
    <datafield tag="245" ind1="1" ind2="0">
      <subfield code="a">Dahcotah, or, Life and legends of the Sioux around Fort Snelling /</subfield>
      <subfield code="c">by Mrs. Mary Eastman, with preface by Mrs. C. M. Kirkland ; illustrated from drawings by Captain Eastman.</subfield>
    </datafield>
    <datafield tag="246" ind1="3" ind2="8">
      <subfield code="a">Dacotah or legends of the Sioux</subfield>
    </datafield>
    <datafield tag="246" ind1="3" ind2=" ">
      <subfield code="a">Life and legends of the Sioux around Fort Snelling</subfield>
    </datafield>
    <datafield tag="260" ind1=" " ind2=" ">
      <subfield code="a">New York :</subfield>
      <subfield code="b">John Wiley,</subfield>
      <subfield code="c">1849.</subfield>
    </datafield>
    <datafield tag="300" ind1=" " ind2=" ">
      <subfield code="a">xi, [1], xxxi, [33]-268 p. :</subfield>
      <subfield code="b">plates ;</subfield>
      <subfield code="c">20 cm.</subfield>
    </datafield>
    <datafield tag="500" ind1=" " ind2=" ">
      <subfield code="a">Wright I, 890.</subfield>
    </datafield>
    <datafield tag="590" ind1=" " ind2=" ">
      <subfield code="a">SPECIAL COLLECTIONS: Gift of C. W. Barrett.</subfield>
    </datafield>
    <datafield tag="596" ind1=" " ind2=" ">
      <subfield code="a">10</subfield>
    </datafield>
    <datafield tag="650" ind1=" " ind2="0">
      <subfield code="a">Dakota Indians.</subfield>
    </datafield>
    <datafield tag="650" ind1=" " ind2="0">
      <subfield code="a">Indians of North America</subfield>
      <subfield code="v">Folklore.</subfield>
    </datafield>
    <datafield tag="651" ind1=" " ind2="0">
      <subfield code="a">Fort Snelling (Minn.)</subfield>
    </datafield>
    <datafield tag="655" ind1=" " ind2="0">
      <subfield code="a">American literature</subfield>
      <subfield code="y">1783-1850.</subfield>
    </datafield>
    <datafield tag="700" ind1="1" ind2=" ">
      <subfield code="a">Kirkland, Caroline M.</subfield>
      <subfield code="q">(Caroline Matilda),</subfield>
      <subfield code="d">1801-1864,</subfield>
      <subfield code="e">ed.</subfield>
    </datafield>
    <datafield tag="700" ind1="1" ind2=" ">
      <subfield code="a">Eastman, Seth,</subfield>
      <subfield code="d">1808-1875,</subfield>
      <subfield code="e">illus.</subfield>
    </datafield>
    <datafield tag="999" ind1=" " ind2=" ">
      <subfield code="a">PS646 .F5 .E27 D2 1849</subfield>
      <subfield code="w">LC</subfield>
      <subfield code="c">1</subfield>
      <subfield code="i">X030187377</subfield>
      <subfield code="d">6/9/2006</subfield>
      <subfield code="e">6/9/2006</subfield>
      <subfield code="l">SC-BARR-ST</subfield>
      <subfield code="m">SPEC-COLL</subfield>
      <subfield code="n">5</subfield>
      <subfield code="r">Y</subfield>
      <subfield code="s">Y</subfield>
      <subfield code="t">RAREBOOK</subfield>
      <subfield code="u">6/29/1996</subfield>
      <subfield code="x">H-NOTIS</subfield>
    </datafield>
  </record>
</collection>
